@inproceedings{20newsgroups,
    author = {Ken Lang},
    title = {Newsweeder: Learning to Filter Netnews},
    year = {1995},
    booktitle = {Proceedings of the 12th International Conference on Machine Learning},
    series = {{ICML}'95},
    pages = {331-339}
}

@article{Abid:2018,
    author = {Abid, Abubakar and
              Zhang, Martin J and
              Bagaria, Vivek K and
              Zou, James},
    title = {Exploring Patterns Enriched in a Dataset with Contrastive Principal Component Analysis},
    journal = {Nature Communications},
    volume = {9},
    number = {1},
    pages = {2134},
    year = {2018},
}

@article{AdamW,
    author    = {Ilya Loshchilov and
                 Frank Hutter},
    title     = {Fixing Weight Decay Regularization in {Adam}},
    journal   = {CoRR},
    volume    = {abs/1711.05101},
    year      = {2017},
    url       = {http://arxiv.org/abs/1711.05101},
    archivePrefix = {arXiv},
    eprint    = {1711.05101},
}

@inproceedings{Alaiz:2008,
    author = {Alaiz-Rodr{\'\i}guez, Roc{\'\i}o and
              Japkowicz, Nathalie},
    title = {Assessing the Impact of Changing Environments on Classifier Performance},
    booktitle = {Conference of the Canadian Society for Computational Studies of Intelligence},
    pages = {13--24},
    year = {2008},
}

@inproceedings{Albert:2020,
    author = {Albert, Kendra and
              Penney, Jonathon and
              Schneier, Bruce and
              Siva Kumar, Ram Shankar},
    title = {Politics of Adversarial Machine Learning},
    booktitle = {{ICLR} Workshop Towards Trustworthy {ML}: Rethinking Security and Privacy for {ML}},
    year = {2020},
}

@article{Alencar:2013,
    author = {Alencar, Cec{\'\i}lia~S. and
              Sabino, Ester~C. and
              Carvalho, Silvia~M.~F. and
              Leao, Silvana~C. and
              Carneiro-Proietti, Anna~B. and
              Capuani,~Ligia and
              Oliveira, Cl{\'a}udia~L. and
              Carrick, Danielle and
              Birch, Rebecca~J. and
              Gon{\c c}alez, Thelma~T. and
              Keating, Sheila and
              Swanson, Priscilla~A. and Hackett,~John, Jr and Busch, Michael P.},
    title = {{HIV} Genotypes and Primary Drug Resistance Among {HIV}-Seropositive Blood Donors in {Brazil}: Role of Infected Blood Donors as Sentinel Populations for Molecular Surveillance of {HIV}},
    journal = {Journal of Acquired Immune Deficiency Syndromes},
    month = {07},
    number = {3},
    pages = {387--392},
    volume = {63},
    year = {2013},
}

@inproceedings{AMSGrad,
    author    = {Sashank J. Reddi and
                 Satyen Kale and
                 Sanjiv Kumar},
    title     = {On the Convergence of {Adam} and Beyond},
    booktitle = {Proceedings of the 6th International Conference on Learning Representations},
    series    = {{ICLR}'18},
    year      = {2018},
}

@article{Angwin:2016,
    author = {Angwin, Julia and
              Larson, Jeff and
              Mattu, Surya and
              Kirchner, Lauren},
    title = {Machine Bias},
    journal = {Propublica},
    month = {May},
    year = {2016},
}

@article{Arrieta:2020,
    author = {Alejandro {Barredo Arrieta} and
              Natalia Díaz-Rodríguez and
              Javier {Del Ser} and
              Adrien Bennetot and
              Siham Tabik and
              Alberto Barbado and
              Salvador Garcia and
              Sergio Gil-Lopez and
              Daniel Molina and
              Richard Benjamins and
              Raja Chatila and
              Francisco Herrera},
    title = {Explainable Artificial Intelligence ({XAI}): Concepts, taxonomies, opportunities and challenges toward responsible {AI}},
    journal = {Information Fusion},
    volume = {58},
    pages = {82-115},
    year = {2020},
    issn = {1566-2535},
}

@book{Bard:2006,
    author = {Bard, Jonathan F.},
    title = {Practical Bilevel Optimization: Algorithms and Applications (Nonconvex Optimization and Its Applications)},
    year = {2006},
    publisher = {Springer-Verlag},
}

@inproceedings{Barreno:2006,
    author = {Barreno, Marco and
              Nelson, Blaine and
              Sears, Russell and
              Joseph, Anthony~D. and
              Tygar, J.~D.},
    title = {Can Machine Learning Be Secure?},
    year = {2006},
    booktitle = {Proceedings of the 2006 {ACM} Symposium on Information, Computer and Communications Security},
    pages = {16–25},
    series = {{ASIACCS}'06},
}


@inproceedings{Bekker:2018:Prior,
    author = {Jessa Bekker and
              Jesse Davis},
    title = {Estimating the Class Prior in Positive and Unlabeled Data Through Decision Tree Induction},
    booktitle = {Proceedings of the 32nd {AAAI} Conference on Artificial Intelligence},
    series = {{AAAI}'18},
    year = {2018},
}

@article{Bekker:2019,
    author    = {Jessa Bekker and
                 Pieter Robberechts and
                 Jesse Davis},
    title     = {Beyond the Selected Completely At Random Assumption for Learning from Positive and Unlabeled Data},
    journal = {Proceedings of the 2019~{European} Conference on Machine Learning and Principles and Practice of Knowledge Discovery in Databases~({ECMLPKDD})},
    year      = {2019},
}

@inproceedings{Belghazi:2018,
    author =    {Belghazi, Mohamed Ishmael and
                 Baratin, Aristide and
                 Rajeshwar, Sai and
                 Ozair, Sherjil and
                 Bengio, Yoshua and
                 Courville, Aaron and
                 Hjelm, Devon},
    title =     {Mutual Information Neural Estimation},
    booktitle = {Proceedings of the 35th International Conference on Machine Learning},
    series =    {{ICML}'18},
    pages =     {531--540},
    year =      {2018},
}

@misc{Belle:2020,
    author={Vaishak Belle and
            Ioannis Papantonis},
    title={Principles and Practice of Explainable Machine Learning},
    year={2020},
    eprint={2009.11698},
    archivePrefix={arXiv},
    primaryClass={cs.LG}
}

@article{Bien:2011,
    author = {Bien, Jacob and
              Tibshirani, Robert},
    title = {Prototype Selection for Interpretable Classification},
    journal = {Annals of Applied Statistics},
    month = {12},
    number = {4},
    pages = {2403--2424},
    publisher = {The Institute of Mathematical Statistics},
    volume = {5},
    year = {2011},
}

@inproceedings{Biggio:2012,
    author = {Biggio, Battista and
              Nelson, Blaine and
              Laskov, Pavel},
    title = {Poisoning Attacks against Support Vector Machines},
    year = {2012},
    booktitle = {Proceedings of the 29th International Conference on Machine Learning},
    pages = {1467–1474},
    location = {Edinburgh, Scotland},
    series = {{ICML}’12}
}

@misc{Bohdal:2020,
    author = {Ondrej Bohdal and
              Yongxin Yang and
              Timothy Hospedales},
    title = {Flexible Dataset Distillation: Learn Labels Instead of Images},
    year = {2020},
    eprint = {2006.08572},
    archivePrefix = {arXiv},
    primaryClass = {cs.LG}
}

@book{Boyd:2004,
    author = {Boyd, Stephen and
              Vandenberghe, Lieven},
    title = {Convex Optimization},
    year = {2004},
    publisher = {Cambridge University Press},
}

@inproceedings{Bromley:1993,
    author = {Bromley, Jane and
              Guyon, Isabelle and
              LeCun, Yann and
              S\"{a}ckinger, Eduard and
              Shah, Roopak},
    title = {Signature Verification Using a {Siamese} Time Delay Neural Network},
    booktitle = {Proceedings of the 6th Conference on Neural Information Processing Systems},
    series = {{NeurIPS}'93},
    year = {1993},
    location = {Denver, Colorado},
    pages = {737--744},
    publisher = {Morgan Kaufmann Publishers Inc.},
    address = {San Francisco, CA, USA},
}

@inproceedings{Cai:2019,
    author = {Cai, Carrie J. and
              Jongejan, Jonas and
              Holbrook, Jess},
    title = {The Effects of Example-Based Explanations in a Machine Learning Interface},
    booktitle = {Proceedings of the 24th International Conference on Intelligent User Interfaces},
    year = {2019},
    pages = {258–262},
    series = {{IUI}'19}
}

@book{Candela:2009,
    author = {Quionero-Candela, Joaquin and
              Sugiyama, Masashi and
              Schwaighofer, Anton and
              Lawrence, Neil D.},
    title = {Dataset Shift in Machine Learning},
    year = {2009},
    publisher = {The MIT Press}
}

@inproceedings{Chainer,
    author = {Tokui, Seiya and
              Oono, Kenta and
              Hido, Shohei and
              Clayton, Justin},
    title = {Chainer: a Next-Generation Open Source Framework for Deep Learning},
    booktitle = {Proceedings of the 29th Conference on Neural Information Processing Systems},
    journal = {{NeurIPS}'15 Workshop on Machine Learning Systems (LearningSys)},
    year = {2015},
}

@misc{CIFAR10,
    author = {Alex Krizhevsky and
              Vinod Nair and
              Geoffrey Hinton},
    title  = {The {CIFAR}-10 Dataset},
    year   = {2014},
}

@article{Claesen:2015,
    author = {Marc Claesen and
              Frank De Smet and
              Johan A. K. Suykens and
              Bart De Moor},
    title  = {A Robust Ensemble Approach to Learn from Positive and Unlabeled Data Using {SVM} Base Models},
    journal= {Neurocomputing},
    volume = {160},
    pages  = {73--84},
    year   = {2015},
}

@article{DenseNet,
    author = {Gao Huang and
              Zhuang Liu and
              Kilian Q. Weinberger},
    title = {Densely Connected Convolutional Networks},
    journal = {2017 IEEE Conference on Computer Vision and Pattern Recognition (CVPR)},
    year = {2017},
    pages = {2261-2269}
}

@article{Derrac:2010,
    author = {Derrac, Joaqu{\'\i}n and
              Garc{\'\i}a, Salvador and
              Herrera, Francisco},
    title = {Stratified Prototype Selection Based on a Steady-State Memetic Algorithm: A Study of Scalability},
    journal = {Memetic Computing},
    number = {3},
    pages = {183--199},
    volume = {2},
    year = {2010},
}

@article {Dressel:2018,
    author = {Dressel, Julia and
              Farid, Hany},
    title = {The accuracy, fairness, and limits of predicting recidivism},
    volume = {4},
    number = {1},
    year = {2018},
    doi = {10.1126/sciadv.aao5580},
    publisher = {American Association for the Advancement of Science},
    journal = {Science Advances}
}

@inproceedings{duPlessis:2014,
    author = {du Plessis, Marthinus C and
              Niu, Gang and
              Sugiyama, Masashi},
    title = {Analysis of Learning from Positive and Unlabeled Data},
    booktitle = {Proceedings of the 27th Conference on Neural Information Processing Systems},
    series = {{NeurIPS}'14},
    year = {2014},
}

@inproceedings{duPlessis:2015,
    author = {Marthinus du Plessis and
              Gang Niu and
              Masashi Sugiyama},
    title = {Convex Formulation for Learning from Positive and Unlabeled Data},
    booktitle = {Proceedings of the 32nd International Conference on Machine Learning},
    series = {{ICML}'15},
    year = {2015},
}

@article{duPlessis:2017,
    author = {du~Plessis, Marthinus C. and
              Niu, Gang and
              Sugiyama, Masashi},
    title = {Class-prior Estimation for Learning from Positive and Unlabeled Data},
    journal = {Machine Learning},
    number = {4},
    pages = {463--492},
    volume = {106},
    year = {2017},
}

@inproceedings{Elkan:2008,
    author = {Elkan, Charles and
              Noto, Keith},
    title = {Learning Classifiers from Only Positive and Unlabeled Data},
    booktitle = {Proceedings of the 14th {ACM} {SIGKDD} International Conference on Knowledge Discovery and Data Mining},
    series = {{KDD}'08},
    year = {2008},
    pages = {213--220},
}

@article{FashionMNIST,
    author = {Han Xiao and
              Kashif Rasul and
              Roland Vollgraf},
    title = {{Fashion-MNIST}: A Novel Image Dataset for Benchmarking Machine Learning Algorithms},
    date = {2017-08-28},
    year = {2017},
    eprintclass = {cs.LG},
    journal = {arXiv},
    eprint = {cs.LG/1708.07747},
}

@article{Galen:2016,
    author = {Maclaurin, Galen and
              Leyk, Stefan},
    title = {Extending the Geographic Extent of Existing Land Cover Data Using Active Machine Learning and Covariate Shift Corrective Sampling},
    volume = {37},
    journal = {International Journal of Remote Sensing},
    year = {2016},
    month = {11},
    pages = {5213-5233},
}

@article{Garcia:2008,
    author = {Garc\'{\i}a, Salvador and
              Cano, Jos\'{e} Ram\'{o}n and
              Herrera, Francisco},
    title = {A Memetic Algorithm for Evolutionary Prototype Selection: A Scaling up Approach},
    year = {2008},
    volume = {41},
    number = {8},
    journal = {Pattern Recognition},
    month = {8},
    pages = {2693–2709},
}

@article{Ghasemi:2016,
    author    = {Alireza Ghasemi and
                 Hamid R. Rabiee and
                 Mohsen Fadaee and
                 Mohammad Taghi Manzuri and
                 Mohammad H. Rohban},
    title     = {Active Learning from Positive and Unlabeled Data},
    journal   = {CoRR},
    volume    = {abs/1602.07495},
    year      = {2016},
}

@article{Goldstein:2015,
    author = {Alex Goldstein and
              Adam Kapelner and
              Justin Bleich and
              Emil Pitkin},
    title = {Peeking Inside the Black Box: Visualizing Statistical Learning With Plots of Individual Conditional Expectation},
    journal = {Journal of Computational and Graphical Statistics},
    volume = {24},
    number = {1},
    pages = {44--65},
    year = {2015},
}

@inproceedings{Gong:2018,
    author = {Tieliang Gong and
              Guangtao Wang and
              Jieping Ye and
              Zongben Xu and
              Ming Lin},
    title = {Margin Based {PU}~Learning},
    booktitle = {Proceedings of the 32nd {AAAI} Conference on Artificial Intelligence},
    series = {{AAAI}'18},
    year = {2018},
}

% Maximum Mean Discrepancy (MMD)
@article{Gretton:2012,
    author = {Gretton, Arthur and
              Borgwardt, Karsten M. and
              Rasch, Malte J. and
              Sch\"{o}lkopf, Bernhard and
              Smola, Alexander},
    title = {A Kernel Two-Sample Test},
    year = {2012},
    volume = {13},
    journal = {Journal of Machine Learning Research},
    month = {3},
    pages = {723–773},
}

@inproceedings{Grusky:2018,
    author = {Grusky, Max and
              Naaman, Mor and
              Artzi, Yoav},
    title = {Newsroom: A Dataset of 1.3 Million Summaries with Diverse Extractive Strategies},
    booktitle = {Proceedings of the 2018 Conference of the North American Chapter of the Association for Computational Linguistics},
    series = {{NAACL}'18},
    publisher = {Association for Computational Linguistics},
    year = {2018}
}

@inproceedings{Guo:2017,
    author = {Guo, Chuan and
              Pleiss, Geoff and
              Sun, Yu and
              Weinberger, Kilian Q},
    title = {On Calibration of Modern Neural Networks},
    booktitle = {Proceedings of the 34th International Conference on Machine Learning},
    series = {{ICML}'17},
    year={2017}
}

@article{Hart:1968,
    author={P. Hart},
    journal={{IEEE} Transactions on Information Theory},
    title={The condensed nearest neighbor rule (Corresp.)},
    year={1968},
    volume={14},
    number={3},
    pages={515-516},
}

@article{Heckman:1979,
    author = {James J. Heckman},
    journal = {Econometrica},
    number = {1},
    pages = {153--161},
    publisher = {[Wiley, Econometric Society]},
    title = {Sample Selection Bias as a Specification Error},
    volume = {47},
    year = {1979}
}

@inproceedings{Hernandez:2013,
    author = {Hern{\'a}ndez Fusilier, Donato  and
              Guzm{\'a}n Cabrera, Rafael  and
              Montes-y-G{\'o}mez, Manuel  and
              Rosso, Paolo},
    title = {Using {PU}-Learning to Detect Deceptive Opinion Spam},
    booktitle = {Proceedings of the 4th Workshop on Computational Approaches to Subjectivity, Sentiment and Social Media Analysis},
    month = {6},
    year = {2013},
    pages = {38--45},
}

@inproceedings{Hido:2008,
    author = {Hido, Shohei and
              Tsuboi, Yuta and
              Kashima, Hisashi and
              Sugiyama, Masashi and
              Kanamori, Takafumi},
    title = {Inlier-Based Outlier Detection via Direct Density Ratio Estimation},
    booktitle = {Proceedings of the 8th {IEEE} International Conference on Data Mining},
    series = {{ICDM}'08},
    year = {2008},
    pages = {223--232},
}

@inproceedings{Hou:2017,
    author = {Hou, Ming and
              Chaib-Draa, Brahim and
              Li, Chao and
              Zhao, Qibin},
    title = {Generative Adversarial Positive-Unlabeled Learning},
    year = {2018},
    booktitle = {Proceedings of the 27th International Joint Conference on Artificial Intelligence},
    pages = {2255–2261},
    series = {{IJCAI}’18}
}

@inproceedings{Hsieh:2015,
    author = {Hsieh, Cho{-}Jui and
              Natarajan, Nagarajan and
              Dhillon, Inderjit S},
    title = {{PU}~Learning for Matrix Completion},
    booktitle = {Proceedings of the 32nd International Conference on International Conference on Machine Learning},
    series = {{ICML}'15},
    year = {2015},
    location = {Lille, France},
    pages = {2445--2453},
}

@inproceedings{Hsieh:2019,
    author =   {Hsieh, Yu-Guan and
                Niu, Gang and
                Sugiyama, Masashi},
    title =    {Classification from Positive, Unlabeled and Biased Negative Data},
    booktitle = {Proceedings of the 36th International Conference on Machine Learning},
    pages =  {2820--2829},
    year =   {2019},
    series = {{ICML}'19},
}

@article{Ioffe:2015,
    author    = {Sergey Ioffe and
                 Christian Szegedy},
    title     = {Batch Normalization: Accelerating Deep Network Training by Reducing Internal Covariate Shift},
    journal   = {CoRR},
    volume    = {abs/1502.03167},
    year      = {2015},
    url       = {http://arxiv.org/abs/1502.03167},
    archivePrefix = {arXiv},
    eprint    = {1502.03167},
}

@misc{Janson:2009,
    author = {Janson, Svante},
    title = {Probability Asymptotics: Notes on Notation},
    url = {http://www2.math.uu.se/~svante/papers/sjN6.pdf},
    publisher = {Uppsala University},
    year = {2009},
    month = {Jul},
}

@inproceedings{Kato:2019,
    author    = {Masahiro Kato and
                 Takeshi Teshima and
                 Junya Honda},
    title     = {Learning from Positive and Unlabeled Data with a Selection Bias},
    booktitle = {Proceedings of the 7th International Conference on Learning Representations},
    series    = {{ICLR}'19},
    year      = {2019},
}

@inproceedings{Kim:2014,
    author = {Kim, Been and
              Rudin, Cynthia and
              Shah, Julie},
    title = {The Bayesian Case Model: A Generative Approach for Case-Based Reasoning and Prototype Classification},
    year = {2014},
    booktitle = {Proceedings of the 27th International Conference on Neural Information Processing Systems},
    pages = {1952–1960},
    series = {{NeurIPS}'14}
}

@inproceedings{Kim:2016,
    author = {Kim, Been and
              Khanna, Rajiv and
              Koyejo, Oluwasanmi O},
    title = {Examples are not enough, learn to criticize! Criticism for Interpretability},
    booktitle = {Proceedings of the 29th Conference on Neural Information Processing Systems},
    series = {{NeurIPS}'16},
    pages = {2280--2288},
    year = {2016},
}

@inproceedings{Kingma:2015,
    author= {Diederik P. Kingma and
             Jimmy Ba},
    title = {{Adam}: {A} Method for Stochastic Optimization},
    booktitle = {Proceedings of the 3rd International Conference on Learning Representations},
    year = {2015},
    series = {{ICLR}'15}
}

@inproceedings{Kiryo:2017,
    author = {Kiryo, Ryuichi and
              Niu, Gang and
              du~Plessis, Marthinus C. and
              Sugiyama, Masashi},
    title = {Positive-Unlabeled Learning with Non-Negative Risk Estimator},
    booktitle = {Proceedings of the 30th Conference on Neural Information Processing Systems},
    series = {{NeurIPS}'17},
    year = {2017},
    pages = {1674--1684},
}

@article{KMNIST,
    author = {Tarin Clanuwat and
              Mikel Bober-Irizar and
              Asanobu Kitamoto and
              Alex Lamb and
              Kazuaki Yamamoto and
              David Ha},
    title = {Deep Learning for Classical {Japanese} Literature},
    booktitle = {Proceedings of the 32nd Conference on Neural Information Processing Systems},
    journal = {{NeurIPS}'18 Workshop on Machine Learning for Creativity and Design},
    year = {2018},
}

@inproceedings{Koch:2015,
    author = {Koch, Gregory and
              Zemel, Richard and
              Salakhutdinov, Ruslan},
    title = {Siamese Neural Networks for One-shot Image Recognition},
    booktitle = {Proceedings of the 32nd International Conference on Machine Learning},
    journal = {{ICML}'15 Deep Learning Workshop},
    year = {2015},
}

@inproceedings{Koh:2017,
    author = {Koh, Pang Wei and
              Liang, Percy},
    title = {Understanding Black-Box Predictions via Influence Functions},
    year = {2017},
    booktitle = {Proceedings of the 34th International Conference on Machine Learning},
    pages = {1885–1894},
    location = {Sydney, NSW, Australia},
    series = {{ICML}’17}
}

@inproceedings{Kuncheva:2016,
    author = {Ludmila I. Kuncheva and
              {Iain A. D.} Gunn},
    title = {A Concept-Drift Perspective on Prototype Selection and Generation},
    booktitle = {International Joint Conference on Neural Networks},
    year = {2016},
    volume = {},
    number = {},
    pages = {16-23},
    series = {{IJCNN}’16}
}

@article{Lake:2015,
    author = {Lake, {Brenden M.} and
              Ruslan Salakhutdinov and
              Tenenbaum, {Joshua B.}},
    title = {Human-level concept learning through probabilistic program induction},
    year = {2015},
    month = {12},
    language = {English (US)},
    volume = {350},
    pages = {1332--1338},
    journal = {Science},
    issn = {0036-8075},
    publisher = {American Association for the Advancement of Science},
    number = {6266},
}

@inproceedings{LeCun:1998,
    author = {LeCun, Yann and
              Bottou, Léon and
              Bengio, Yoshua and
              Haffner, Patrick},
    booktitle = {Proceedings of the {IEEE}},
    pages = {2278--2324},
    title = {Gradient-Based Learning Applied to Document Recognition},
    volume = 86,
    year = 1998
}

@inproceedings{LeCun:1999,
    author    = {Yann {LeCun} and
                 Patrick Haffner and
                 L{\'{e}}on Bottou and
                 Yoshua Bengio},
    title     = {Object Recognition with Gradient-Based Learning},
    booktitle = {Shape, Contour and Grouping in Computer Vision},
    pages     = {319},
    year      = {1999},
}

@inproceedings{Lee:2003,
    author = {Lee, Wee Sun and
              Liu, Bing},
    title = {Learning with Positive and Unlabeled Examples Using Weighted Logistic Regression},
    booktitle = {Proceedings of the 20th International Conference on Machine Learning},
    series = {ICML'03},
    year = {2003},
    pages = {448--455},
}

@inproceedings{Li:2003,
    author = {Li, Xiaoli and
              Liu, Bing},
    title = {Learning to Classify Texts Using Positive and Unlabeled Data},
    year = {2003},
    publisher = {Morgan Kaufmann Publishers Inc.},
    address = {San Francisco, CA, USA},
    booktitle = {Proceedings of the 18th International Joint Conference on Artificial Intelligence},
    pages = {587–592},
    location = {Acapulco, Mexico},
    series = {{IJCAI}'03}
}

@article{Li:2011,
    author = {Wenkai Li and
              Qinghua Guo and
              Charles Elkan},
    title = {A Positive and Unlabeled Learning Algorithm for One-Class Classification of Remote-Sensing Data},
    journal = {{IEEE} Transactions on Geoscience and Remote Sensing},
    volume = {49},
    year = {2011},
    pages = {717 - 725},
}

@inproceedings{Li:2014,
    author = {Li, Huayi and
              Chen, Zhiyuan and
              Liu, Bing and
              Wei, Xiaokai and
              Shao, Jidong},
    title = {Spotting Fake Reviews via Collective Positive-Unlabeled Learning},
    year = {2014},
    booktitle = {Proceedings of the 14th {IEEE} International Conference on Data Mining},
    pages = {899–904},
    series = {{ICDM}'14}
}

@article{LIBSVM,
    author = {Chang, Chih-Chung and Lin, Chih-Jen},
    title = {{LIBSVM}: A Library for Support Vector Machines},
    journal = {{ACM} Transactions on Intelligent Systems and Technology},
    volume = {2},
    issue = {3},
    year = {2011},
    pages = {27:1--27:27},
}

@inproceedings{Lin:2004,
    author = {Lin, Chin-Yew},
    title = {{ROUGE:} a Package for Automatic Evaluation of Summaries},
    booktitle = {Workshop on Text Summarization Branches Out},
    year = {2004},
    month = {7},
    series = {{ACL}'04},
}

@inproceedings{Liu:2002,
    author = {Liu, Bing and
              Lee, Wee Sun and
              Yu, Philip S. and
              Li, Xiaoli},
    title = {Partially Supervised Classification of Text Documents},
    booktitle = {Proceedings of the Nineteenth International Conference on Machine Learning},
    series = {{ICML}'02},
    year = {2002},
    pages = {387--394},
}

@inproceedings{Liu:2017,
    author    = {Yashu Liu and
                 Shuang Qiu and
                 Ping Zhang and
                 Pinghua Gong and
                 Fei Wang and
                 Guoliang Xue and
                 Jieping Ye},
    title     = {Computational Drug Discovery with Dyadic Positive-Unlabeled Learning},
    booktitle = {Proceedings of the 2017 {SIAM} International Conference on Data Mining},
    pages     = {45--53},
    year      = {2017},
}

@inproceedings{Lu:2019,
    author    = {Nan Lu and
                 Gang Niu and
                 Aditya Krishna Menon and
                 Masashi Sugiyama},
    title     = {On the Minimal Supervision for Training Any Binary Classifier from Only Unlabeled Data},
    booktitle = {Proceedings of the 7th International Conference on Learning Representations},
    series    = {{ICLR}'19},
    year      = {2019},
}

@inproceedings{Lundberg:2017,
    author = {Lundberg, Scott M and
              Lee, Su-In},
    title = {A Unified Approach to Interpreting Model Predictions},
    booktitle = {Proceedings of the 30th Conference on Neural Information Processing Systems},
    series = {{NeurIPS}'17},
    pages = {4765--4774},
    year = {2017},
}

@inproceedings{Marasco:2016,
    author   = {Emanuela Marasco and
                Peter Wild and
                Bojan Cukic},
    title     = {Robust and Interoperable Fingerprint Spoof Detection Via Convolutional Neural Networks},
    booktitle = {Proceedings of the 2016 {IEEE} Symposium on Technologies for Homeland Security},
    year      = {2016},
}

@inbook{McDiarmid:1989,
    author = {McDiarmid, Colin},
    title = {On the method of bounded differences},
    booktitle = {Surveys in Combinatorics, 1989: Invited Papers at the 12th British Combinatorial Conference},
    series = {London Mathematical Society Lecture Note Series},
    publisher = {Cambridge University Press},
    editor = {Siemons, J.Editor},
    year = {1989},
    pages = {148–188},
}

@inproceedings{Meena:2015,
    author    = {Lakhpat Meena and
                 V. Susheela Devi},
    title     = {Prototype Selection on Large and Streaming Data},
    booktitle = {Proceedings of the 22nd International Conference on Neural Information Processing},
    series    = {{ICONIP}'15},
    pages     = {671--679},
    year      = {2015},
}

@inproceedings{Menon:2015,
    author =   {Aditya Menon and
                Brendan Van Rooyen and
                Cheng Soon Ong and
                Bob Williamson},
    title =    {Learning from Corrupted Binary Labels via Class-Probability Estimation},
    booktitle =  {Proceedings of the 32nd International Conference on Machine Learning},
    pages = {125--134},
    year = {2015},
    series = {{ICML}'15},
}

@inproceedings{Mei:2015,
    author = {Mei, Shike and
              Zhu, Xiaojin},
    title = {Using Machine Teaching to Identify Optimal Training-Set Attacks on Machine Learners},
    year = {2015},
    booktitle = {Proceedings of the Twenty-Ninth AAAI Conference on Artificial Intelligence},
    pages = {2871-2877},
    location = {Austin, Texas},
    series = {{AAAI}'15}
}

@book{FoundationsML,
    author = {Mohri, Mehryar and
              Rostamizadeh, Afshin and
              Talwalkar, Ameet},
    title = {Foundations of Machine Learning},
    year = {2012},
    publisher = {The {MIT} Press}
}

@article{MorenoTorres:2012,
    author = {Moreno-Torres, Jose~G. and Raeder, Troy and
              Alaiz-Rodr\'{\i}guez, Roc\'{\i}o and
              Chawla, Nitesh V. and
              Herrera, Francisco},
    title = {A Unifying View on Dataset Shift in Classification},
    year = {2012},
    publisher = {Elsevier Science Inc.},
    volume = {45},
    number = {1},
    journal = {Pattern Recognition},
    month = {1},
    pages = {521–530},
}

@inproceedings{Nallapati:2016,
    author = {Nallapati, Ramesh  and
              Zhou, Bowen  and
              {dos~Santos}, Cicero  and
              GuÌ‡l{\c{c}}ehre, {\c{C}}a{\u{g}}lar  and
              Xiang, Bing},
    title = {Abstractive Text Summarization using Sequence-to-sequence {RNN}s and Beyond},
    booktitle = {Proceedings of the 20th Conference on Computational Natural Language Learning},
    series = {{SIGNLL}'16},
    month = {8},
    year = {2016},
    pages = {280--290},
}

@article{Neves:2017,
    author = {Neves, Marco and
              Marinho-Dias, Joana and
              Ribeiro, Joana and
              Sousa, Hugo},
    title = {{Epstein-Barr} Virus Strains and Variations: Geographic or Disease-Specific Variants?},
    journal = {Journal of Medical Virology},
    volume = {89},
    number = {3},
    pages = {373-387},
    keywords = {{Epstein}-{Barr} virus, virus classification, pathology, oncogenesis, genetic variation},
    year = {2017}
}

@inproceedings{Nguyen:2011,
    author = {Nguyen, Minh Nhut and
              Li, Xiao-Li and
              Ng, See-Kiong},
    title = {Positive Unlabeled Learning for Time Series Classification},
    booktitle = {Proceedings of the Twenty-Second International Joint Conference on Artificial Intelligence},
    series = {{IJCAI}'11},
    year = {2011},
    location = {Barcelona, Catalonia, Spain},
    pages = {1421--1426},
}

@inproceedings{Niu:2016,
    author = {Niu, Gang and
              du~Plessis, Marthinus C. and
              Sakai, Tomoya and
              Ma, Yao and
              Sugiyama, Masashi},
    title = {Theoretical Comparisons of Positive-Unlabeled Learning against Positive-Negative Learning},
    year = {2016},
    booktitle = {Proceedings of the 29th Conference on Neural Information Processing Systems},
    pages = {1207–1215},
    location = {Barcelona, Spain},
    series = {{NeurIPS}’16}
}

% Cornell Movie Review Polarity
@inproceedings{Pang:2004,
    author = {Bo Pang and
              Lillian Lee},
    title = {A Sentimental Education: Sentiment Analysis Using Subjectivity Summarization Based on Minimum Cuts},
    booktitle = {Proceedings of the ACL},
    year = {2004},
}

@inproceedings{Peters:2018,
    author={Peters, Matthew E. and
            Neumann, Mark and
            Iyyer, Mohit and
            Gardner, Matt and
            Clark, Christopher and
            Lee, Kenton and
            Zettlemoyer, Luke},
    title={Deep Contextualized Word Representations},
    booktitle={Proceedings of {NAACL}},
    year={2018}
}

@inproceedings{Platt:1999,
    author = {John C. Platt},
    title = {Probabilistic Outputs for Support Vector Machines and Comparisons to Regularized Likelihood Methods},
    booktitle = {Advances in Large Margin Classifiers},
    year = {1999},
    pages = {61--74},
    publisher = {MIT Press}
}

@article{Pyne:2013,
    author = {Pyne, Michael~T. and
              Hackett, John, Jr. and
              Holzmayer, Vera and
              Hillyard, David~R.},
    title = {Large-Scale Analysis of the Prevalence and Geographic Distribution of {HIV}-1 Non-{B} Variants in the {United} {States}},
    journal = {Journal of Clinical Microbiology},
    month = {8},
    number = {8},
    pages = {2662--2669},
    publisher = {American Society for Microbiology},
    volume = {51},
    year = {2013},
}

@inproceedings{PyTorch,
    author = {Paszke, Adam and
              Gross, Sam and
              Massa, Francisco and
              Lerer, Adam and
              Bradbury, James and
              Chanan, Gregory and
              Killeen, Trevor and
              Lin, Zeming and
              Gimelshein, Natalia and
              Antiga, Luca and
              Desmaison, Alban and
              Kopf, Andreas and
              Yang, Edward and
              DeVito, Zachary and
              Raison, Martin and
              Tejani, Alykhan and
              Chilamkurthy, Sasank and
              Steiner, Benoit and
              Fang, Lu and
              Bai, Junjie and
              Chintala, Soumith},
    title = {{PyTorch}: An Imperative Style, High-Performance Deep Learning Library},
    booktitle = {Proceedings of the 33rd Conference on Neural Information Processing Systems},
    series = {{NeurIPS}’19},
    year = {2019},
}

@book{QuioneroCandela:2009,
    author = {Quionero-Candela, Joaquin and
              Sugiyama, Masashi and
              Schwaighofer, Anton and
              Lawrence, Neil~D.},
    title = {Dataset Shift in Machine Learning},
    year = {2009},
    publisher = {The MIT Press},
}

@inproceedings{Ramaswamy:2016,
    author = {Ramaswamy, Harish G. and
              Scott, Clayton and
              Tewari, Ambuj},
    title = {Mixture Proportion Estimation via Kernel Embedding of Distributions},
    year = {2016},
    booktitle = {Proceedings of the 33rd International Conference on International Conference on Machine Learning},
    pages = {2052–2060},
    series = {{ICML}'16}
}

@inproceedings{Ren:2014,
    author = {Ren, Yafeng  and
              Ji, Donghong  and
              Zhang, Hongbin},
    title = {Positive Unlabeled Learning for Deceptive Reviews Detection},
    booktitle = {Proceedings of the 2014 Conference on Empirical Methods in Natural Language Processing ({EMNLP})},
    month = oct,
    year = {2014},
    address = {Doha, Qatar},
    pages = {488--498},
}

@article{Renkl:2009,
    author = {Renkl, Alexander and
              Hilbert, Tatjana and
              Schworm, Silke},
    journal = {Educational Psychology Review},
    number = {1},
    pages = {67--78},
    title = {Example-Based Learning in Heuristic Domains: A Cognitive Load Theory Account},
    volume = {21},
    year = {2009},
}

@article{Renkl:2014,
    author = {Renkl, Alexander},
    title = {Toward an Instructionally Oriented Theory of Example-Based Learning},
    journal = {Cognitive Science},
    volume = {38},
    number = {1},
    pages = {1-37},
    year = {2014}
}

@misc{Rennie:2007,
    author = {Jason Rennie},
    title = {20 Newsgroups},
    howpublished = {\url{http://qwone.com/~jason/20Newsgroups/}},
    year = {2001},
}

@inproceedings{Ribeiro:2016,
    author = {Ribeiro, Marco Tulio and
              Singh, Sameer and
              Guestrin, Carlos},
    title = {"Why Should I Trust You?": Explaining the Predictions of Any Classifier},
    year = {2016},
    booktitle = {Proceedings of the 22nd {ACM} {SIGKDD} International Conference on Knowledge Discovery and Data Mining},
    series = {{KDD}'16}
}

@article{Ruckle:2018,
    author = {R{\"{u}}ckl{\'{e}}, Andreas and
              Eger, Steffen and
              Peyrard, Maxime and
              Gurevych, Iryna},
    title = {Concatenated Power Mean Embeddings as Universal Cross-Lingual Sentence Representations},
    journal = {CoRR},
    volume = {abs/1803.01400},
    year = {2018},
    url = {http://arxiv.org/abs/1803.01400},
}

@inproceedings{Sakai:2017,
    author = {Sakai, Tomoya and
              du Plessis, Marthinus Christoffel and
              Niu, Gang and
              Sugiyama, Masashi},
    title = {Semi-Supervised Classification Based on Classification from Positive and Unlabeled Data},
    booktitle = {Proceedings of the 34th International Conference on Machine Learning},
    series = {{ICML}'17},
    year = {2017},
    location = {Sydney, NSW, Australia},
    pages = {2998--3006},
}

@inproceedings{Sakai:2019,
    author    = {Tomoya Sakai and
                 Nobuyuki Shimizu},
    title     = {Covariate Shift Adaptation on Learning from Positive and Unlabeled Data},
    booktitle = {Proceedings of the 33rd {AAAI} Conference on Artificial Intelligence},
    series    = {{AAAI}'19},
    pages     = {4838--4845},
    year      = {2019},
}

@misc{Sandhaus:2008,
    author = {Sandhaus, Evan},
    title = {The New York Times Annotated Corpus},
    url = {https://catalog.ldc.upenn.edu/LDC2008T19},
    publisher = {University of Pennsylvania, Linguistic Data Consortium},
    year = {2008},
}


@inproceedings{Scott:2009,
    author =   {Clayton Scott and
                Gilles Blanchard},
    title =    {Novelty Detection: Unlabeled Data Definitely Help},
    booktitle = {Proceedings of the 12th International Conference on Artificial Intelligence and Statistics},
    series =   {{AISTATS}'09},
    pages =    {464--471},
    year =     {2009},
    volume =   {5},
    series =   {Proceedings of Machine Learning Research},
    month =    {16--18 Apr},
}

@inproceedings{See:2017,
    author = {See, Abigail and
              Liu, Peter J. and
              Manning, Christopher D.},
    title = {Get To The Point: Summarization with Pointer-Generator Networks},
    booktitle = {Proceedings of the 55th Annual Meeting of the Association for Computational Linguistics},
    series = {{ACL}'17},
    month = {7},
    year = {2017},
    pages = {1073--1083},
}

@inproceedings{Sen:2018,
    author    = {Ayon Sen and
                 Scott Alfeld and
                 Xuezhou Zhang and
                 Ara Vartanian and
                 Yuzhe Ma and
                 Xiaojin Zhu},
    title     = {Training Set Camouflage},
    booktitle = {Proceedings of the 9th International Conference on Decision and Game Theory for Security},
    series    = {{GameSec}'18},
    volume    = {11199},
    pages     = {59--79},
    year      = {2018},
}

@misc{SentencingProject,
    title = {Report to the United Nations on Racial Disparities in the U.S. Criminal Justice System},
    publisher = {The Sentencing Project},
    howpublished = {https://www.sentencingproject.org/publications/un-report-on-racial-disparities/},
    month = {Mar},
    year = {2018},
}

@inproceedings{Shafahi:2018,
    author    = {Ali Shafahi and
                 W. Ronny Huang and
                 Mahyar Najibi and
                 Octavian Suciu and
                 Christoph Studer and
                 Tudor Dumitras and
                 Tom Goldstein},
    title     = {Poison Frogs! Targeted Clean-Label Poisoning Attacks on Neural Networks},
    booktitle = {Proceedings of the 31st Conference on Neural Information Processing Systems},
    pages = {1207–1215},
    location = {Barcelona, Spain},
    series = {{NeurIPS}’18},
    pages     = {6106--6116},
    year      = {2018},
}

@book{UnderstandingML,
    author = {Shalev-Shwartz, Shai and
              Ben-David, Shai},
    title = {Understanding Machine Learning: From Theory to Algorithms},
    year = {2014},
    publisher = {Cambridge University Press},
    address = {New York, NY, USA},
}

@inproceedings{Shi:2018,
    author    = {Hong Shi and
                 Shaojun Pan and
                 Jian Yang and
                 Chen Gong},
    title     = {Positive and Unlabeled Learning via Loss Decomposition and Centroid  Estimation},
    booktitle = {Proceedings of the 27th International Joint Conference on Artificial Intelligence},
    pages     = {2689--2695},
    year      = {2018},
    series    = {{IJCAI}’18}
}

@article{Shimodaira:2000,
    author = {Shimodaira, Hidetoshi},
    journal = {Journal of Statistical Planning and Inference},
    month = {Oct},
    pages = {227--244},
    title = {Improving Predictive Inference Under Covariate Shift by Weighting the Log-Likelihood Function},
    volume = {90},
    year = {2000},
}

@incollection{Simard:1993,
    author = {Patrice Simard and
              LeCun, Yann and
              John S. Denker},
    title = {Efficient Pattern Recognition Using a New Transformation Distance},
    booktitle = {Advances in Neural Information Processing Systems 5},
    editor = {S. J. Hanson and J. D. Cowan and C. L. Giles},
    pages = {50--58},
    year = {1993},
    publisher = {Morgan-Kaufmann},
}

@article{Starr:2014,
    author = {Starr, Sonja B.},
    title = {Estimating Gender Disparities in Federal Criminal Cases},
    journal = {American Law and Economics Review},
    volume = {17},
    number = {1},
    pages = {127-159},
    year = {2014},
    month = {08},
    issn = {1465-7252},
    doi = {10.1093/aler/ahu010},
    url = {https://doi.org/10.1093/aler/ahu010},
}


@inproceedings{Steinhardt:2017,
    author = {Steinhardt, Jacob and
              Koh, Pang Wei and
              Liang, Percy},
    title = {Certified Defenses for Data Poisoning Attacks},
    year = {2017},
    booktitle = {Proceedings of the 30th Conference on Neural Information Processing Systems},
    pages = {3520–3532},
    location = {Long Beach, California, USA},
    series = {{NeurIPS}’17}
}

@misc{Sucholutsky:2019,
    author = {Ilia Sucholutsky and
              Matthias Schonlau},
    title = {Soft-Label Dataset Distillation and Text Dataset Distillation},
    year = {2019},
    eprint = {1910.02551},
    archivePrefix = {arXiv},
    primaryClass = {cs.LG}
}

@article{Sugiyama:Krauledat:2007,
    author = {Sugiyama, Masashi and
              Krauledat, Matthias and
              M\"{u}ller, Klaus-Robert},
    title = {Covariate Shift Adaptation by Importance Weighted Cross Validation},
    year = {2007},
    volume = {8},
    journal = {Journal of Machine Learning Research},
    month = {Dec.},
    pages = {985–1005},
}

@inproceedings{Sugiyama:Storkey:2007,
    author = {Sugiyama, Masashi and
              Storkey, Amos J},
    title = {Mixture Regression for Covariate Shift},
    booktitle = {Proceedings of the 19th Conference on Neural Information Processing Systems},
    editor = {B. Sch\"{o}lkopf and J. C. Platt and T. Hoffman},
    pages = {1337--1344},
    year = {2006},
}

@article{Sugiyama:2008,
    author = {Sugiyama, Masashi and
              Suzuki, Taiji and
              Nakajima, Shinichi and
              Kashima, Hisashi and
              von B{\"u}nau, Paul and
              Kawanabe, Motoaki},
    title = {Direct Importance Estimation for Covariate Shift Adaptation},
    journal = {Annals of the Institute of Statistical Mathematics},
    number = {4},
    pages = {699--746},
    volume = {60},
    year = {2008},
}

@book{Sugiyama:2012,
    author = {Sugiyama, Masashi and
              Suzuki, Taiji and
              Kanamori, Takafumi},
    title = {Density Ratio Estimation in Machine Learning},
    year = {2012},
    publisher = {Cambridge University Press},
    address = {USA},
    edition = {1st}
}

@misc{TREC,
    author = {TREC},
    title = {Text {REtrieval} {Conference} ({TREC}) Overview},
    howpublished = {\url{https://trec.nist.gov/overview.html}},
    journal = {Text {REtrieval} {Conference} ({TREC}) Overview},
    publisher = {National Institute of Science and Technology},
    year = {2019 (accessed May~19, 2020)},
}

@article{Wang:2018:DD,
    author={Wang, Tongzhou and
            Zhu, Jun-Yan and
            Torralba, Antonio and
            Efros, Alexei A},
    title={Dataset Distillation},
    journal={arXiv preprint arXiv:1811.10959},
    year={2018}
}

@article{Ward:2009,
    author = {Ward, Gill and
              Hastie, Trevor and
              Barry, Simon and
              Elith, Jane and
              Leathwick, John R.},
    title = {Presence-Only Data and the EM Algorithm},
    journal = {Biometrics},
    volume = {65},
    number = {2},
    pages = {554-563},
    year = {2009}
}

@inproceedings{Wei:2018,
    author = {Wei, Hui-Hui and
              Li, Ming},
    title = {Positive and Unlabeled Learning for Detecting Software Functional Clones with Adversarial Training},
    year = {2018},
    booktitle = {Proceedings of the 27th International Joint Conference on Artificial Intelligence},
    pages = {2840–2846},
    location = {Stockholm, Sweden},
    series = {{IJCAI}’18}
}

@article{Wilson:1972,
    author = {Wilson, Dennis L.},
    title = {Asymptotic Properties of Nearest Neighbor Rules Using Edited Data.},
    journal = {{IEEE} Trans. Syst. Man Cybern.},
    number = {3},
    pages = {408-421},
    volume = {2},
    year = {1972},
}

@article{Xiao:2015,
    author = {Huang Xiao and
              Battista Biggio and
              Blaine Nelson and
              Han Xiao and
              Claudia Eckert and
              Fabio Roli},
    title = {Support vector machines under adversarial label contamination},
    journal = {Neurocomputing},
    volume = {160},
    pages = {53 - 62},
    year = {2015},
}

@article{Xiao:2017,
    author = {Xiao, Peipei and
              Li, Jianjun and
              Fu, Gengfeng and
              Zhou, Ying and
              Huan, Xiping and
              Yang, Haitao},
    title = {Geographic Distribution and Temporal Trends of {HIV}-1 Subtypes through Heterosexual Transmission in {China}: A Systematic Review and Meta-Analysis},
    journal = {International Journal of Environmental Research and Public Health},
    month = {July},
    pages = {830},
    publisher = {MDPI},
    year = {2017},
}

@misc{Xu:2019,
    author = {Danfei Xu and
              Misha Denil},
    title = {Positive-Unlabeled Reward Learning},
    year = {2019},
    eprint = {arXiv:1911.00459},
}

@article{Yamada:2013,
    author = {M. Yamada and
              T. Suzuki and
              T. Kanamori and
              H. Hachiya and
              M. Sugiyama},
    title = {Relative Density-Ratio Estimation for Robust Distribution Comparison},
    journal = {Neural Computation},
    year = {2013},
    volume = {25},
    number = {5},
    pages = {1324-1370},
    month = {May},
}

@article{Yang:2012,
    author = {Yang, Peng and
              Li, Xiao-Li and
              Mei, Jian-Ping and
              Kwoh, Chee-Keong and
              Ng, See-Kiong},
    title = {Positive-Unlabeled Learning for Disease Gene Identification},
    journal = {Bioinformatics},
    volume = {28},
    number = {20},
    pages = {2640-2647},
    year = {2012},
    month = {08},
}

@incollection{Yi:2017,
    author = {Yi, Jinfeng and
              Hsieh, Cho-Jui and
              Varshney, Kush R and
              Zhang, Lijun and
              Li, Yao},
    title = {Scalable Demand-Aware Recommendation},
    booktitle = {Proceedings of the 30th Conference on Neural Information Processing Systems},
    pages = {2412--2421},
    year = {2017},
    series = {{NeurIPS}’17},
}

@inproceedings{Zadrozny:2002,
    author = {Zadrozny, Bianca and
              Elkan, Charles},
    title = {Transforming Classifier Scores into Accurate Multiclass Probability Estimates},
    booktitle = {Proceedings of the 8th {ACM} {SIGKDD} International Conference on Knowledge Discovery and Data Mining},
    series = {{KDD}'02},
    year = {2002},
    location = {Edmonton, Alberta, Canada},
    pages = {694--699},
}

@inproceedings{Zeiberg:2020,
    author = {Zeiberg, Daniel and
              Jain, Shantanu and
              Radivojac, Predrag},
    title = {Fast Nonparametric Estimation of Class Proportions in the Positive-Unlabeled Classification Setting},
    booktitle = {Proceedings of the 34th {AAAI} Conference on Artificial Intelligence},
    series = {{AAAI}'20},
    year = {2020},
}

@inproceedings{Zhang:2019,
    author    = {Zhang, Chuang and
                 Ren, Dexin and
                 Liu, Tongliang and
                 Yang, Jian and
                 Gong, Chen},
    title     = {Positive and Unlabeled Learning with Label Disambiguation},
    booktitle = {Proceedings of the 28th International Joint Conference on Artificial Intelligence},
    series = {{IJCAI}'19},
    pages     = {4250--4256},
    year      = {2019},
}

@inproceedings{Zhang:2019:Malware,
    author={{J}. {Zhang} and
            {M}. {F}. {Khan} and
            {X}. {Lin} and
            {Z}. {Qin}},
    booktitle={2019 {IEEE} Conference on Dependable and Secure Computing ({DSC})},
    title={An Optimized Positive-Unlabeled Learning Method for Detecting a Large Scale of Malware Variants},
    year={2019},
}

@inproceedings{Zhang:2017,
    author = {Zhang, Ya-Lin and
              Li, Longfei and
              Zhou, Jun and
              Li, Xiaolong and
              Liu, Yujiang and
              Zhang, Yuanchao and
              Zhou, Zhi-Hua},
    title = {{POSTER}: A {PU} Learning Based System for Potential Malicious {URL} Detection},
    booktitle = {Proceedings of the 2017 {ACM} {SIGSAC} Conference on Computer and Communications Security},
    pages = {2599–2601},
    series = {{CCS}'17},
    year={2017},
}
